@inproceedings{mitrofanova2015probabilistic,
  title={Probabilistic Topic Modeling of the Russian Text Corpus on Musicology},
  author={Mitrofanova, Olga},
  booktitle={International Workshop on Language, Music, and Computing},
  pages={69--76},
  year={2015},
  organization={Springer}
}

@inproceedings{paul2009topic,
  title={Topic modeling of research fields: An interdisciplinary perspective},
  author={Paul, Michael and Girju, Roxana},
  booktitle={Proceedings of the International Conference RANLP-2009},
  pages={337--342},
  year={2009}
}